@article{famous:paper,
	author = "Kiran Garimella, Gianmarco De Francisci Morales, Aristides Gionis, Michael Mathioudakis",
	doi = "10.1145/3018661.3018703",
	keywords = "important",
	pages = "1--10",
	title = "{Reducing Controversy by Connecting Opposing Views}",
	url = "https://melmeric.files.wordpress.com/2010/05/reducing-controversy-by-connecting-opposing-views.pdf",
	year = 2017
}

@book{notcited:book,
	author = "Cane, Carlino",
	edition = "first edition",
	editor = "Leggoo, Anche",
	keywords = "non-citato",
	publisher = "O'Reilly",
	title = "{No one cited me}",
	url = "http://bar.com/",
	year = 2009
}
